<record><leader>00000cas a22000007a 4500</leader><controlfield tag="001">10904577</controlfield><controlfield tag="008">840702c19uu9999nyuwr ne      0   a0eng d</controlfield><datafield ind1=" " ind2=" " tag="010"><subfield code="a">sn 84006379 </subfield></datafield><datafield ind1=" " ind2=" " tag="040"><subfield code="a">NSD</subfield><subfield code="b">eng</subfield><subfield code="c">NSD</subfield><subfield code="d">NYS</subfield><subfield code="d">OCLCQ</subfield></datafield><datafield ind1=" " ind2=" " tag="012"><subfield code="m">1</subfield></datafield><datafield ind1="1" ind2=" " tag="022"><subfield code="a">0747-4741</subfield><subfield code="l">0747-4741</subfield><subfield code="2">1</subfield></datafield><datafield ind1=" " ind2=" " tag="032"><subfield code="a">346760</subfield><subfield code="b">USPS</subfield></datafield><datafield ind1=" " ind2=" " tag="037"><subfield code="b">Mid-Island Times &amp; Levittown Times, 81 E. Barclay St., Hicksville, NY 11801</subfield></datafield><datafield ind1=" " ind2=" " tag="042"><subfield code="a">nsdp</subfield></datafield><datafield ind1=" " ind2="0" tag="222"><subfield code="a">Mid-island times &amp; Levittown times</subfield></datafield><datafield ind1="0" ind2="0" tag="245"><subfield code="a">Mid-island times &amp; Levittown times.</subfield></datafield><datafield ind1="3" ind2="0" tag="246"><subfield code="a">Mid-island times and Levittown times</subfield></datafield><datafield ind1="1" ind2="7" tag="246"><subfield code="a">Mid island times</subfield></datafield><datafield ind1=" " ind2=" " tag="260"><subfield code="a">Hicksville, N.Y. :</subfield><subfield code="b">Litmor Pub. Corp.</subfield></datafield><datafield ind1=" " ind2=" " tag="310"><subfield code="a">Weekly</subfield></datafield><datafield ind1=" " ind2=" " tag="588"><subfield code="a">Description based on: Vol. 43, no. 1 (Jan. 6, 1984).</subfield></datafield><datafield ind1=" " ind2="4" tag="651"><subfield code="a">Hicksville (N.Y.)</subfield><subfield code="v">Newspapers.</subfield></datafield><datafield ind1=" " ind2="4" tag="651"><subfield code="a">Levittown (N.Y.)</subfield><subfield code="v">Newspapers.</subfield></datafield><datafield ind1=" " ind2="4" tag="651"><subfield code="a">Nassau County (N.Y.)</subfield><subfield code="v">Newspapers.</subfield></datafield><datafield ind1=" " ind2=" " tag="752"><subfield code="a">United States</subfield><subfield code="b">New York</subfield><subfield code="c">Nassau</subfield><subfield code="d">Hicksville.</subfield></datafield><datafield ind1=" " ind2=" " tag="752"><subfield code="a">United States</subfield><subfield code="b">New York</subfield><subfield code="c">Nassau</subfield><subfield code="d">Levittown.</subfield></datafield><datafield ind1="0" ind2="0" tag="780"><subfield code="t">Mid-Island times</subfield><subfield code="w">(DLC)sn 94061037</subfield><subfield code="w">(OCoLC)31418336</subfield></datafield><datafield ind1=" " ind2=" " tag="936"><subfield code="a">June 8, 1984</subfield></datafield><datafield ind1="1" ind2=" " tag="029"><subfield code="a">AU@</subfield><subfield code="b">000020334887</subfield></datafield></record>